<record><leader>00000cas a2200000 a 4500</leader><controlfield tag="001">33029477</controlfield><controlfield tag="008">950823d19421944causr ne      0    0eng c</controlfield><datafield ind1=" " ind2=" " tag="010"><subfield code="a">sn 95061954 </subfield></datafield><datafield ind1=" " ind2=" " tag="040"><subfield code="a">CNK</subfield><subfield code="b">eng</subfield><subfield code="c">CNK</subfield><subfield code="d">OCLCQ</subfield><subfield code="d">CNK</subfield><subfield code="d">OCLCQ</subfield><subfield code="d">OCLCO</subfield></datafield><datafield ind1="1" ind2=" " tag="029"><subfield code="a">AU@</subfield><subfield code="b">000025867533</subfield></datafield><datafield ind1=" " ind2=" " tag="042"><subfield code="a">pcc</subfield></datafield><datafield ind1=" " ind2=" " tag="043"><subfield code="a">n-us-ca</subfield></datafield><datafield ind1="0" ind2=" " tag="130"><subfield code="a">Flight dispatcher (Gardner Field, Calif.)</subfield></datafield><datafield ind1="1" ind2="0" tag="245"><subfield code="a">Flight dispatcher.</subfield></datafield><datafield ind1="1" ind2="3" tag="246"><subfield code="a">Gardner Field flight dispatcher</subfield><subfield code="f">Mar. 17, 1943</subfield></datafield><datafield ind1=" " ind2=" " tag="260"><subfield code="a">Gardner Field, Kern County, Calif. :</subfield><subfield code="b">Florence G. Stotter, for the personnel of the Army Air Force Basic Flying School at Gardner Field</subfield></datafield><datafield ind1=" " ind2=" " tag="300"><subfield code="a">v.</subfield></datafield><datafield ind1=" " ind2=" " tag="310"><subfield code="a">Semimonthly,</subfield><subfield code="b">Sept. 22, 1944-Dec. 6, 1944</subfield></datafield><datafield ind1=" " ind2=" " tag="321"><subfield code="a">Weekly,</subfield><subfield code="b">-Sept. 8, 1944</subfield></datafield><datafield ind1="0" ind2=" " tag="362"><subfield code="a">Vol. 1, no. 24 (Aug. 1, 1942)-v. 3, no. 30 (Dec. 6, 1944).</subfield></datafield><datafield ind1=" " ind2=" " tag="530"><subfield code="a">Master negatives are available for duplication from:</subfield><subfield code="b">California Newspaper Microfilm Archive;</subfield><subfield code="c">positive copies may be purchased by the reel; for further information consult the CNMA at:</subfield><subfield code="u">http://cbsr.ucr.edu</subfield></datafield><datafield ind1=" " ind2="0" tag="650"><subfield code="a">Military bases</subfield><subfield code="z">California</subfield><subfield code="v">Newspapers.</subfield></datafield><datafield ind1=" " ind2="0" tag="651"><subfield code="a">Gardner Field (Calif.)</subfield><subfield code="v">Newspapers.</subfield></datafield><datafield ind1=" " ind2=" " tag="752"><subfield code="a">United States</subfield><subfield code="b">California</subfield><subfield code="c">Kern</subfield><subfield code="d">Gardner Field.</subfield></datafield><datafield ind1="0" ind2="0" tag="785"><subfield code="t">Gardner Field flight dispatcher</subfield><subfield code="w">(DLC)sn 95061955</subfield></datafield></record>